% Encoding: UTF-8

@Book{schoening,
  title     = {Theoretische Informatik - kurzgefasst},
  publisher = {Spektrum - Akademischer Verlag},
  year      = {2003},
  author    = {Uwe Sch√∂ning},
  edition   = {4. Auflage},
}

@Comment{jabref-meta: databaseType:bibtex;}
